@string{ acmcsurv = "ACM Comp. Surv." }
@string{ acmpress = "ACM Press" }
@string{ acmtods = "ACM Trans. Data. Sys." }
@string{ acmtois = "ACM Trans. Inf. Sys." }
@string{ acmtoms = "ACM Trans. Math. Soft." }
@string{ acsc="Proc. ACSC" }
@string{ adcs = "Proc. Australian Document Computing Symposium" }
@string{ airs = "Proc. Asia Information Retrieval Societies Conference"}
@string{ cacm = "Comm. ACM" }
@string{ cikm = "Proc. CIKM" }
@string{ clef = "Proc. CLEF" }
@string{ compjour = "Comp. J." }
@string{ compsurv = "ACM Comp. Surv." }
@string{ dcc = "Proc. DCC" }
@string{ adoc = "Amer. Doc." }
@string{ colis = "Proc. Conf. Conceptions Libr. Inf. Sc." }
@string{ ecir = "Proc. European Conference on Information Retrieval" }
@string{ esa = "Proc. ESA" }
@string{ focs = "Proc. FOCS" }
@string{ ibmjresdev = "IBM J. Res. Dev." }
@string{ icadl = "Proc. Int. Conf. Asia-Pac. Dig. Libr." }
@string{ icde = "Proc. ICDE" }
@string{ icdm = "Proc. ICDM" }
@string{ ictir = "Proc. ICTIR" }
@string{ ftir = "J. Foundations and Trends in Information Retrieval" }
@string{ ieeeinfo = "IEEE Trans. Inf. Th." }
@string{ iiix = "Proc. IIiX" }
@string{ infoscale = "Proc. Conf. Scalable Information Systems" }
@string{ ipm = "J. Information Processing \& Managemen" }
@string{ isr = "J. Information Storage \& Retrieval" }
@string{ irj = "Inf. Retr." }
@string{ jacm = "J. ACM" }
@string{ jalg = "J. Alg." }
@string{ jasist = "JASIST" }
@string{ kdd = "Proc. KDD" }
@string{ laweb = "Proc. LA-WEB" }
@string{ parco = "Proc. Parallel Comput. Conf." }
@string{ procasist = "J. Amer. Soc. Inf. Sc. Tech." }
@string{ procieee = "Proc. IEEE" }
@string{ pvldb = "PVLDB" }
@string{ sdm = "Proc. SIAM Conf. Data Min." }
@string{ sea = "Proc. SEA" }
@string{ sicomp = "SIAM J. Comp." }
@string{ sigir = "Proc. ACM SIGIR Conference on Research and Development in Information Retrieval" }
@string{ sigirforum = "SIGIR Forum" }
@string{ soda = "Proc. SODA" }
@string{ spe = "Soft. Prac. \& Exp." }
@string{ spire = "Proc. SPIRE" }
@string{ trec = "Proc. Text REtrieval Conference" }
@string{ vldb = "Proc. VLDB" }
@string{ wsdm = "Proc. WSDM" }
@string{ www = "Proc. WWW" }
@string{ riao = "Proc. RIAO" }
@string{ evia = "Proc. Evaluating Information Access" }
@string{ ira = "J. Information Retrieval in Action" }