@article{BennettCCJ08,
  author    = {Paul N. Bennett and
               Ben Carterette and
               Olivier Chapelle and
               Thorsten Joachims},
  title     = {Beyond binary relevance: preferences, diversity, and set-level judgments},
  journal   = sigir,
  hidevolume    = {42},
  hidenumber    = {2},
  pages     = {53--58},
  year      = {2008},
  hideurl       = {http://doi.acm.org/10.1145/1480506.1480516},
  hidedoi       = {10.1145/1480506.1480516},
}

@inproceedings{learn.ranking.pairwise,
  author    = {Ben Carterette and
               Desislava Petkova},
  title     = {Learning a ranking from pairwise preferences},
  booktitle = sigir,
  pages     = {629--630},
  year      = {2006}
}

@inproceedings{eval.aggregated.search,
  author    = {Jaime Arguello and
               Fernando Diaz and
               Jamie Callan and
               Ben Carterette},
  title     = {A Methodology for Evaluating Aggregated Search Results},
  booktitle = ecir,
  pages     = {141--152},
  year      = {2011}
}

@inproceedings{eval.measure.pref.judge,
  author    = {Ben Carterette and
               Paul N. Bennett},
  title     = {Evaluation measures for preference judgments},
  booktitle = sigir,
  pages     = {685--686},
  year      = {2008}
}

@inproceedings{here.or.there,
  author    = {Ben Carterette and
               Paul N. Bennett and
               David Maxwell Chickering and
               Susan T. Dumais},
  title     = {Here or There},
  booktitle = ecir,
  pages     = {16--27},
  year      = {2008}
}