@inproceedings{benefits.ME,
 author = {Turpin, Andrew and Scholer, Falk and Mizzaro, Stefano and Maddalena, Eddy},
 title = {The Benefits of Magnitude Estimation Relevance Assessments for Information Retrieval Evaluation},
 booktitle = {Proceedings of the 38th International ACM SIGIR Conference on Research and Development in Information Retrieval},
 series = {SIGIR '15},
 year = {2015},
 isbn = {978-1-4503-3621-5},
 location = {Santiago, Chile},
 pages = {565--574},
 numpages = {10},
 url = {http://doi.acm.org/10.1145/2766462.2767760},
 doi = {10.1145/2766462.2767760},
 acmid = {2767760},
 publisher = {ACM},
 address = {New York, NY, USA},
 keywords = {evaluation, magnitude estimation, relevance, relevance assessments},
}