@article{burgin.variation.rel.judge.measure,
  author    = {Robert Burgin},
  title     = {Variations in Relevance Judgments and the Evaluation of Retrieval
               Performance},
  journal   = {Inf. Process. Manage.},
  volume    = {28},
  number    = {5},
  pages     = {619--628},
  year      = {1992},
  url       = {http://dx.doi.org/10.1016/0306-4573(92)90031-T}
}