@article{disagree.btw.judges,
  title={Modelling disagreement between judges for information retrieval system evaluation},
  author={Turpin, Andrew and Scholer, Falk},
  journal={ADCS 2009},
  pages={51},
  year={2009}
}