@article{influence.scale.form.rel.judge,
  author    = {R. V. Katter},
  title     = {The influence of scale form on relevance judgments},
  journal   = {Information Storage and Retrieval},
  volume    = {4},
  number    = {1},
  pages     = {1--11},
  year      = {1968},
  doi       = {10.1016/0020-0271(68)90002-8},
}