@inproceedings{judges.exchangeable.matter,
  author    = {Peter Bailey and
               Nick Craswell and
               Ian Soboroff and
               Paul Thomas and
               Arjen P. de Vries and
               Emine Yilmaz},
  title     = {Relevance assessment: are judges exchangeable and does it matter},
  booktitle = {Proceedings of the 31st Annual International {ACM} {SIGIR} Conference
               on Research and Development in Information Retrieval, {SIGIR} 2008,
               Singapore, July 20-24, 2008},
  pages     = {667--674},
  year      = {2008},
}