@inproceedings{DBLP:conf/mira/Mizzaro99,
  author    = {S. Mizzaro},
  title     = {Measuring the Agreement Among Relevance Judges},
  booktitle = {Proceedings of Mira 99: Evaluating Interactive Information Retrieval,
               Glasgow, Scotland, UK, April 14-16, 1999},
  year      = {1999},
  crossref  = {DBLP:conf/mira/1999},
  url       = {http://ewic.bcs.org/content/ConWebDoc/4268},
  timestamp = {Wed, 11 Jun 2014 19:17:43 +0200},
  biburl    = {http://dblp.uni-trier.de/rec/bib/conf/mira/Mizzaro99},
  bibsource = {dblp computer science bibliography, http://dblp.org}
}