@article{methods.for.IIR,
url = {http://dx.doi.org/10.1561/1500000012},
year = {2009},
volume = {3},
journal = {Foundations and Trends® in Information Retrieval},
title = {Methods for Evaluating Interactive Information Retrieval Systems with Users},
doi = {10.1561/1500000012},
issn = {1554-0669},
number = {1–2},
pages = {1-224},
author = {Diane Kelly}
}