@Inbook{metric.rel.mismatch,
author="Scholer, Falk
and Turpin, Andrew",
editor="Lee, Gary Geunbae
and Song, Dawei
and Lin, Chin-Yew
and Aizawa, Akiko
and Kuriyama, Kazuko
and Yoshioka, Masaharu
and Sakai, Tetsuya",
title="Metric and Relevance Mismatch in Retrieval Evaluation",
bookTitle="Information Retrieval Technology: 5th Asia Information Retrieval Symposium, AIRS 2009, Sapporo, Japan, October 21-23, 2009. Proceedings",
year="2009",
publisher="Springer Berlin Heidelberg",
address="Berlin, Heidelberg",
pages="50--62",
isbn="978-3-642-04769-5",
doi="10.1007/978-3-642-04769-5_5",
url="http://dx.doi.org/10.1007/978-3-642-04769-5_5"
}

