@inproceedings{Goutte:2005:PIP:2149960.2149993,
 author = {Goutte, Cyril and Gaussier, Eric},
 title = {A Probabilistic Interpretation of Precision, Recall and F-score, with Implication for Evaluation},
 booktitle = {Proceedings of the 27th European Conference on Advances in Information Retrieval Research},
 series = {ECIR'05},
 year = {2005},
 isbn = {3-540-25295-9, 978-3-540-25295-5},
 location = {Santiago de Compostela, Spain},
 pages = {345--359},
 numpages = {15},
 url = {http://dx.doi.org/10.1007/978-3-540-31865-1_25},
 doi = {10.1007/978-3-540-31865-1_25},
 acmid = {2149993},
 publisher = {Springer-Verlag},
 address = {Berlin, Heidelberg},
}