@article{relevance.partII,
Abstract = {The nature and manifestations of relevance are discussed. Studies on relevance which were conducted over the past 30 years are examined, and an updated framework on the subject is presented. Its manifestations are classified into several kinds of relevance that establish an independent system of relevances. Major trends that shape relevance work are also provided in conclusions.},
Author = {Saracevic, Tefko},
ISSN = {1532-2882},
Journal = {Journal of the American Society for Information Science and Technology},
Keywords = {Relevance -- Research, Relevance -- Models, Information storage and retrieval -- Research, United States},
Number = {13},
Pages = {1915},
Title = {Relevance: a review of the literature and a framework for thinking on the notion in information science. Part II: nature and manifestations of relevance.},
URL = {https://ezp.lib.unimelb.edu.au/login?url=https://search-ebscohost-com.ezp.lib.unimelb.edu.au/login.aspx?direct=true&db=edsgao&AN=edsgcl.172820001&site=eds-live&scope=site},
Year = {2007},
}
