@article{DBLP:journals/jasis/Rorvig90,
  author    = {Mark E. Rorvig},
  title     = {The simple scalability of documents},
  journal   = {{JASIS}},
  volume    = {41},
  number    = {8},
  pages     = {590--598},
  year      = {1990},
  url       = {http://dx.doi.org/10.1002/(SICI)1097-4571(199012)41:8<590::AID-ASI5>3.0.CO;2-T},
  doi       = {10.1002/(SICI)1097-4571(199012)41:8<590::AID-ASI5>3.0.CO;2-T},
  timestamp = {Sat, 14 Apr 2012 16:35:34 +0200},
  biburl    = {http://dblp.uni-trier.de/rec/bib/journals/jasis/Rorvig90},
  bibsource = {dblp computer science bibliography, http://dblp.org}
}