@article{variation.rel.judge.measure
  author    = {Ellen M. Voorhees},
  title     = {Variations in relevance judgments and the measurement of retrieval
               effectiveness},
  journal   = {Inf. Process. Manage.},
  volume    = {36},
  number    = {5},
  pages     = {697--716},
  year      = {2000},
  url       = {http://dx.doi.org/10.1016/S0306-4573(00)00010-8},
  doi       = {10.1016/S0306-4573(00)00010-8},
}