@inproceedings{lmc17sigir,
author = "X. Lu and A. Moffat and J. S. Culpepper",
title = "Can deep effectiveness metrics be evaluated
using shallow judgment pools?",
booktitle = sigir,
hideaddress = "Tokyo, Japan",
year = 2017,
hideurl = "http://dx.doi.org/10.1145/3077136.3080793",
pages = "35-44",
}

@inproceedings{ymt16airs,
author = "Z. Yang and A. Moffat and A. Turpin",
title = "How precise does document scoring need to be?",
booktitle = airs,
hideurl = "http://dx.doi.org/10.1007/978-3-319-48051-0_21",
hideeditor = "S. Ma and J.-R. Wen and Y. Liu and
Z. Dou and Y. Chang and M. Zhang and K. Zhou and W. X. Zhao",
hidenote = "LNCS 9994, Springer",
hidemonth = dec,
hideaddress = "Beijing, China",
year = 2016,
pages = "279-291",
hidedoi = "10.1007/978-3-319-48051-0_21",
}

@article{ya08kis,
author    = {E. Yilmaz and J. A. Aslam},
title     = {Estimating average precision when judgments are incomplete},
journal   = kis,
volume    = {16},
number    = {2},
pages     = {173--211},
year      = {2008},
hideurl       = {https://doi.org/10.1007/s10115-007-0101-7},
hidedoi       = {10.1007/s10115-007-0101-7},
}

@inproceedings{yas08sigir,
author    = {E. Yilmaz and
J. A. Aslam and
S. Robertson},
title     = {A new rank correlation coefficient for information retrieval},
booktitle = sigir,
hideaddress = {Singapore, July 20-24, 2008},
pages     = {587--594},
year      = {2008},
hideurl       = {http://doi.acm.org/10.1145/1390334.1390435},
hidedoi       = {10.1145/1390334.1390435},
}

@inproceedings{wcc12cikm,
author    = {W. Webber and
P. Chandar and
B. Carterette},
title     = {Alternative assessor disagreement and retrieval depth},
booktitle = cikm,
hideaddress = {, HI, USA, October 29 - November 02, 2012},
pages     = {125--134},
year      = {2012},
hideurl       = {http://doi.acm.org/10.1145/2396761.2396781},
hidedoi       = {10.1145/2396761.2396781},
}

@inproceedings{carterette09sigir,
author    = {B. Carterette},
title     = {On rank correlation and the distance between rankings},
booktitle = sigir,
hideaddress = {Boston, MA, USA, July 19-23, 2009},
pages     = {436--443},
year      = {2009},
hideurl       = {http://doi.acm.org/10.1145/1571941.1572017},
hidedoi       = {10.1145/1571941.1572017},
}

@inproceedings{carterette07sigir,
author    = {B. Carterette},
title     = {Robust test collections for retrieval evaluation},
booktitle = sigir,
hideaddress = {Amsterdam, The Netherlands, July 23-27, 2007},
pages     = {55--62},
year      = {2007},
hideurl       = {http://doi.acm.org/10.1145/1277741.1277754},
hidedoi       = {10.1145/1277741.1277754},
}

@inproceedings{cas06sigir,
author    = {B. Carterette and
J. Allan and
R. K. Sitaraman},
title     = {Minimal test collections for retrieval evaluation},
booktitle = sigir,
hideaddress = {Seattle, Washington, USA, August 6-11, 2006},
pages     = {268--275},
year      = {2006},
hideurl       = {http://doi.acm.org/10.1145/1148170.1148219},
hidedoi       = {10.1145/1148170.1148219},
}


@inproceedings{soboroff04sigir,
author    = {I. Soboroff},
title     = {On evaluating web search with very few relevant documents},
booktitle = sigir,
hideaddress = {Sheffield, UK, July 25-29, 2004},
pages     = {530--531},
year      = {2004},
hideurl       = {http://doi.acm.org/10.1145/1008992.1009105},
hidedoi       = {10.1145/1008992.1009105},
}

@inproceedings{ss07sigir,
author    = {M. Sanderson and I. Soboroff},
title     = {Problems with {K}endall's tau},
booktitle = sigir,
hideaddress = {Amsterdam, The Netherlands, July 23-27, 2007},
pages     = {839--840},
year      = {2007},
hideurl       = {http://doi.acm.org/10.1145/1277741.1277935},
hidedoi       = {10.1145/1277741.1277935},
}

@inproceedings{bcstvy08sigir,
author    = {P. Bailey and
N. Craswell and
I. Soboroff and
P. Thomas and
A. P. de Vries and
E. Yilmaz},
title     = {Relevance assessment:
		{A}re judges exchangeable and does it matter},
booktitle = sigir,
hideaddress = {Singapore, July 20-24, 2008},
pages     = {667--674},
year      = {2008},
hideurl       = {http://doi.acm.org/10.1145/1390334.1390447},
hidedoi       = {10.1145/1390334.1390447},
}

@inproceedings{cs10sigir,
author    = {B. Carterette and I. Soboroff},
title     = {The effect of assessor error on {IR} system evaluation},
booktitle = sigir,
hideaddress = {Geneva, Switzerland, July 19-23, 2010},
pages     = {539--546},
year      = {2010},
hideurl       = {http://doi.acm.org/10.1145/1835449.1835540},
hidedoi       = {10.1145/1835449.1835540},
}

@inproceedings{soboroff14evia,
author    = {I. Soboroff},
title     = {Computing confidence intervals for common {IR} measures},
booktitle = evia,
hideaddress = {National Center of Sciences, Tokyo, Japan, December 9, 2014},
year      = {2014},
url       = {http://research.nii.ac.jp/ntcir/workshop/OnlineProceedings11/pdf/EVIA/04-EVIA2014-SoboroffI.pdf},
}

@inproceedings{rm09adc,
author = "S. D. Ravana and A. Moffat",
title = "Score aggregation techniques in retrieval experimentation",
booktitle = adc,
hidemonth = jan,
hideeditor = "A. Bouguettaya and X. Lin",
year = 2009,
hideaddress = "Wellington, New Zealand",
pages = "59-67",
url = "http://crpit.com/confpapers/CRPITV92Ravana.pdf",
}

@inproceedings{robertson06cikm,
author    = {S. Robertson},
title     = {On {GMAP}: {A}nd other transformations},
booktitle = cikm,
hideaddress = "Arlington, Virginia, USA, November 6-11, 2006",
pages     = {78--83},
year      = {2006},
hideurl       = {http://doi.acm.org/10.1145/1183614.1183630},
hidedoi       = {10.1145/1183614.1183630},
}

@inproceedings{bcys07sigir,
author    = {S. B{\"{u}}ttcher and
C. L. A. Clarke and
P. C. K. Yeung and
I. Soboroff},
title     = {Reliable information retrieval evaluation with incomplete
		and biased judgements},
booktitle = sigir,
hideaddress = {Amsterdam, The Netherlands, July 23-27, 2007},
pages     = {63--70},
year      = {2007},
hideurl       = {http://doi.acm.org/10.1145/1277741.1277755},
hidedoi       = {10.1145/1277741.1277755},
}

@inproceedings{fs15ecir,
author    = {N. Ferro and
G. Silvello},
title     = {Rank-biased precision reloaded: {R}eproducibility and
		generalization},
booktitle = ecir,
hideaddress = {Vienna, Austria, March 29 - April 2, 2015},
pages     = {768--780},
year      = {2015},
hideurl       = {https://doi.org/10.1007/978-3-319-16354-3_83},
hidedoi       = {10.1007/978-3-319-16354-3_83},
}

@inproceedings{park16adcs,
author    = {L. A. F. Park},
title     = {Uncertainty in rank-biased precision},
booktitle = adcs,
hideaddress = {Caulfield, VIC, Australia, December 5-7, 2016},
pages     = {73--76},
year      = {2016},
hideurl       = {http://dl.acm.org/citation.cfm?id=3015029},
}

@article{tdc15irj,
author    = {A. Tonon and
G. Demartini and
P. Cudr{\'{e}}{-}{M}auroux},
title     = {Pooling-based continuous evaluation of
		information retrieval systems},
journal   = irj,
volume    = {18},
number    = {5},
pages     = {445--472},
year      = {2015},
hideurl       = {https://doi.org/10.1007/s10791-015-9266-y},
hidedoi       = {10.1007/s10791-015-9266-y},
}

@article{lpb17ipm,
author    = {D. E. Losada and
J. Parapar and
A. Barreiro},
title     = {Multi-armed bandits for adjudicating documents in
		pooling-based evaluation of information retrieval systems},
journal   = ipm,
volume    = {53},
number    = {5},
pages     = {1005--1025},
year      = {2017},
hideurl       = {https://doi.org/10.1016/j.ipm.2017.04.005},
hidedoi       = {10.1016/j.ipm.2017.04.005},
}

@inproceedings{aps03cikm,
author    = {J. A. Aslam and
V. Pavlu and
R. Savell},
title     = {A unified model for metasearch, pooling, and system evaluation},
booktitle = cikm,
hideaddress = {New Orleans, Louisiana, USA, November 2-8, 2003},
pages     = {484--491},
year      = {2003},
hideurl       = {http://doi.acm.org/10.1145/956863.956953},
hidedoi       = {10.1145/956863.956953},
}

@inproceedings{wmz10evia,
author    = {W. Webber and
A. Moffat and
J. Zobel},
title     = {The effect of pooling and evaluation depth on metric stability},
booktitle = evia,
pages     = {7--15},
year      = {2010},
url       = {http://research.nii.ac.jp/ntcir/workshop/OnlineProceedings8/EVIA/03-EVIA2010-WebberW.pdf},
}

@inproceedings{brs15ictir,
author    = {G. Baruah and
A. Roegiest and
M. D. Smucker},
title     = {Pooling for user-oriented evaluation measures},
booktitle = ictir,
hideaddress = "Northampton, Massachusetts, USA",
pages     = {341--344},
year      = {2015},
hideurl       = {http://doi.acm.org/10.1145/2808194.2809493},
hidedoi       = {10.1145/2808194.2809493},
}

@inproceedings{lplpzh17ecir,
author    = {A. Lipani and
J. R. M. Palotti and
M. Lupu and
F. Piroi and
G. Zuccon and
A. Hanbury},
title     = {Fixed-cost pooling strategies based on {IR} evaluation measures},
booktitle = ecir,
hideaddress = {Aberdeen, UK, April 8-13, 2017},
pages     = {357--368},
year      = {2017},
hideurl       = {https://doi.org/10.1007/978-3-319-56608-5_28},
hidedoi       = {10.1007/978-3-319-56608-5_28},
}

@inproceedings{vb02sigir,
author    = {E. M. Voorhees and
C. Buckley},
title     = {The effect of topic set size on retrieval experiment error},
booktitle = sigir,
hideaddress = "Tampere, Finland",
pages     = {316--323},
year      = {2002},
hideurl       = {http://doi.acm.org/10.1145/564376.564432},
hidedoi       = {10.1145/564376.564432},
}

@inproceedings{sz05sigir,
author    = {M. Sanderson and J. Zobel},
title     = {Information retrieval system evaluation: {E}ffort, sensitivity, and
reliability},
booktitle = sigir,
hideaddress = {Salvador, Brazil, August 15-19, 2005},
pages     = {162--169},
year      = {2005},
hideurl       = {http://doi.acm.org/10.1145/1076034.1076064},
}

@inproceedings{vh99trec,
author = "E. M. Voorhees and D. Harman",
title = "Overview of the eighth {T}ext {RE}trieval {C}onference",
booktitle = trec,
year = 1999,
url = "http://trec.nist.gov/pubs/trec8/papers/overview_8.pdf",
note = "NIST Special Publication 500-246",
}

@inproceedings{vh98trec,
author = "E. M. Voorhees and D. Harman",
title = "Overview of the seventh {T}ext {RE}trieval {C}onference",
booktitle = trec,
year = 1998,
url = "http://trec.nist.gov/pubs/trec7/papers/overview_7.pdf.gz",
note = "NIST Special Publication 500-242",
}

@inproceedings{voorhees04trec,
author = "E. M. Voorhees",
title = "Overview of {TREC} 2004",
booktitle = trec,
year = 2004,
url = "http://trec.nist.gov/pubs/trec13/papers/OVERVIEW13.pdf",
note = "NIST Special Publication 500-261",
}

@inproceedings{voorhees04trecrobust,
author = "E. M. Voorhees",
title = "Overview of the {TREC} 2004 robust retrieval track",
booktitle = trec,
year = 2004,
url = "http://trec.nist.gov/pubs/trec13/papers/ROBUST.OVERVIEW.pdf",
note = "NIST Special Publication 500-261",
}

@inproceedings{hvcb99trec,
author = "D. Hawking and E. Voorhees and N. Craswell and P. Bailey",
title = "Overview of the {TREC-8} web track",
booktitle = trec,
year = 1999,
url = "http://trec.nist.gov/pubs/trec8/papers/web_overview.pdf",
}

@article{mbst17acmtois,
author = "A. Moffat and P. Bailey and F. Scholer and P. Thomas",
title = "Incorporating user expectations and behavior into the
measurement of search effectiveness",
journal = acmtois,
year = 2017,
volume = 35,
number = 3,
pages = "24:1--24:38",
hidedoi = "http://doi.acm.org/10.1145/3052768",
}

	
@inproceedings{sakai04ntcir,
author    = {T. Sakai},
title     = {New performance metrics based on multigrade relevance: {T}heir application
to question answering},
booktitle = ntcir,
hideaddress = "Tokyo, Japan",
year      = {2004},
hideurl       = {http://research.nii.ac.jp/ntcir/workshop/OnlineProceedings4/OPEN/NTCIR4-OPEN-SakaiTrev.pdf},
}

@article{wm06ipm,
	author = "Wu, S. and Mc{C}lean, S.",
	title = "Performance prediction of data fusion for information retrieval",
	journal = ipm,
	year = 2006,
	volume = 42,
	pages = "899-915",
}

@inproceedings{wbm06smc,
	author = "Wu, S. and Bi, Y. and Mc{C}lean, S.",
	title = "Applying statistical principles to data fusion in information retrieval",
	booktitle = smc,
	year = 2007,
	hidemonth = oct,
	hidedoi = "10.1109/ICSMC.2007.4413590",
	pages = "313-319",
}

@inproceedings{llpzh17sac,
	author = "Lipani, A. and Lupu, M. and Palotti, J. and Zuccon, G. and Hanbury, A.",
	title = "Fixed budget pooling strategies based on fusion methods",
	year = 2017,
	booktitle = sac,
	pages = "919-924",
	hidedoi = "10.1145/3019612.3019692 ",
}

@book{bcc10book,
title = "Information Retrieval: {I}mplementing and
	Evaluating Search Engines",
author = "Stefan B{\"u}ttcher and Charles L. A. Clarke and
Gordon V. Cormack",
publisher = "MIT Press",
year = 2010
}

@article{tc15ieeekade,
author    = {Tan, L. and Clarke, C. L. A.},
title     = {A family of rank similarity measures based on maximized effectiveness difference},
journal   = ieeekade,
volume    = {27},
number    = {11},
pages     = {2865--2877},
year      = {2015},
hideurl       = {http://dx.doi.org/10.1109/TKDE.2015.2448541},
hidedoi       = {10.1109/TKDE.2015.2448541},
}

@inproceedings{macdonald2012puppy,
title={From puppy to maturity: {E}xperiences in developing {T}errier},
author={Macdonald, C. and McCreadie, R. and Santos, R. L. T. and Ounis, I.},
booktitle=osir,
pages={60--63},
year={2012}
}

@article{kkne02irj,
author    = {K. Kuriyama and
N. Kando and
T. Nozue and
K. Eguchi},
title     = {Pooling for a large-scale test collection:
		{A}n analysis of the search results from the first
		{NTCIR} workshop},
journal   = irj,
volume    = {5},
number    = {1},
pages     = {41--59},
year      = {2002},
hideurl       = {http://dx.doi.org/10.1023/A:1012778807438},
hidedoi       = {10.1023/A:1012778807438},
}

@article{sanderson10fntir,
author    = {M. Sanderson},
title     = {Test collection based evaluation of information retrieval systems},
journal   = fntir,
volume    = {4},
number    = {4},
pages     = {247--375},
year      = {2010},
hideurl       = {http://dx.doi.org/10.1561/1500000009},
hidedoi       = {10.1561/1500000009},
}

@inproceedings{sakai16sigir,
author    = {T. Sakai},
title     = {Statistical significance, power, and sample sizes: {A} systematic
review of {SIGIR} and TOIS, 2006-2015},
booktitle = sigir,
pages     = {5--14},
year      = {2016},
hideurl       = {http://doi.acm.org/10.1145/2911451.2911492},
hidedoi       = {10.1145/2911451.2911492},
}

@article{sakai16irj,
author    = {T. Sakai},
title     = {Topic set size design},
journal   = irj,
volume    = {19},
number    = {3},
pages     = {256--283},
year      = {2016},
hideurl       = {http://dx.doi.org/10.1007/s10791-015-9273-z},
hidedoi       = {10.1007/s10791-015-9273-z},
}

@inproceedings{wmz08sigir,
author = "W. Webber and A. Moffat and J. Zobel",
title = "Score standardization for inter-collection
comparison of retrieval systems",
booktitle = sigir,
year = 2008,
hidemonth = jul,
hideeditor = "S.-H. Myaeng and D. W. Oard and F. Sebastiani and
T.-S. Chua and M.-K. Leong",
hideaddress = "Singapore",
hidepublisher = "ACM Press, New York",
hideurl = "http://doi.acm.org/10.1145/1390334.1390346",
pages = "51-58",
hideisbn = "978-1-60558-164-4",
}


@inproceedings{wmz08cikm,
author = "W. Webber and A. Moffat and J. Zobel",
title = "Statistical power in retrieval experimentation",
booktitle = cikm,
hidemonth = nov,
year = 2008,
pages = "571-580",
hideaddress = "Napa Valley, California",
hideurl = "http://doi.acm.org/10.1145/1458082.1458158",
hideattribution = "ARC, NICTA authorship for JZ",
hidepublisher = "ACM Press, New York",
}



@inproceedings{fs16sigir,
	author = {N. Ferro and G. Silvello},
	title = {A general linear mixed models approach to study system component effects},
	booktitle = sigir,
	year = 2016,
	hideaddress = {Pisa, Italy},
	hidemonth = jul,
	pages = {25--34},
	numpages = {10},
	hideurl = {http://doi.acm.org/10.1145/2911451.2911530},
	hidedoi = {10.1145/2911451.2911530}
}

@inproceedings{ja16ecir,
author    = {J. Jiang and
J. Allan},
title     = {Adaptive effort for search evaluation metrics},
booktitle = ecir,
pages     = {187--199},
year      = {2016},
hideurl       = {http://dx.doi.org/10.1007/978-3-319-30671-1_14},
hidedoi       = {10.1007/978-3-319-30671-1_14},
}


@book{wmb99mg,
author = "I. H. Witten and A. Moffat and T. C. Bell",
title = "Managing Gigabytes: Compressing
and Indexing Documents and Images",
publisher = "Morgan Kaufmann",
hideaddress = "San Francisco",
year = 1999,
edition = "Second",
hidepages = "xxii + 519",
hidenote = "xxii + 519pp",
hideisbn = "1-55860-570-3",
}

@article{lpd12ipm,
author = {M. Lykke and
S. Price and
L. M. L. Delcambre},
title = {How doctors search: {A} study of query behaviour and the impact on
search results},
journal = ipm,
volume = {48},
number = {6},
pages = {1151--1170},
year = {2012},
hideurl = {http://dx.doi.org/10.1016/j.ipm.2012.02.006},
hidedoi = {10.1016/j.ipm.2012.02.006},
}

@article{lmc16irj,
author = "X. Lu and A. Moffat and J. S. Culpepper",
title = "The effect of pooling and evaluation depth on {IR} metrics",
journal = irj,
year = 2016,
volume = 19,
number = 4,
pages = "416-445",
hidemonth = aug,
hidedoi = "10.1007/s10791-016-9282-6",
hideurl = "http://dx.doi.org/10.1007/s10791-016-9282-6",
hidenote = "Published online 21 June 2016",
}

@inproceedings{majk15cikm,
author = {D. Maxwell and
L. Azzopardi and
K. J{\"{a}}rvelin and
H. Keskustalo},
title = {Searching and stopping: {A}n analysis of stopping rules and strategies},
booktitle = cikm,
pages = {313--322},
year = {2015},
hideurl = {http://doi.acm.org/10.1145/2806416.2806476},
hidedoi = {10.1145/2806416.2806476},
}

@book{cmr15book,
author = {A. Chuklin and
I. Markov and
M. {de R}ijke},
title = {Click Models for Web Search},
series = {Synthesis Lectures on Information Concepts, Retrieval, and Services},
publisher = {Morgan {\&} Claypool},
year = {2015},
hideurl = {http://dx.doi.org/10.2200/S00654ED1V01Y201507ICR043},
hidedoi = {10.2200/S00654ED1V01Y201507ICR043},
}

@article{alemayehu03jasist,
author = {N. Alemayehu},
title = {Analysis of performance variation using query expansion},
journal = jasist,
volume = {54},
number = {5},
pages = {379--391},
year = {2003},
hideurl = {http://dx.doi.org/10.1002/asi.10217},
hidedoi = {10.1002/asi.10217},
}

@inproceedings{cky12cikm,
author = {B. Carterette and E. Kanoulas and E. Yilmaz},
title = {Incorporating variability in user behavior into systems based evaluation},
booktitle = cikm,
pages = {135--144},
year = {2012},
hideurl = {http://doi.acm.org/10.1145/2396761.2396782},
hidedoi = {10.1145/2396761.2396782},
}

@inproceedings{yscr10cikm,
author = {E. Yilmaz and
M. Shokouhi and
N. Craswell and
S. E. Robertson},
title = {Expected browsing utility for web search evaluation},
booktitle = cikm,
pages = {1561--1564},
year = {2010},
hideurl = {http://doi.acm.org/10.1145/1871437.1871672},
hidedoi = {10.1145/1871437.1871672},
}


@inproceedings{sc12hcir,
author = {M. D. Smucker and C. L. A. Clarke},
title = {Modeling user variance in time-biased gain},
booktitle = hcir,
pages = {1-10},
year = {2012},
hideurl = {http://doi.acm.org/10.1145/2391224.2391227},
hidedoi  = {10.1145/2391224.2391227},
}

@inproceedings{dkl04riao,
author    = {A. P. {de Vries} and G. Kazai and M. Lalmas},
title     = {Tolerance to irrelevance: {A} user-effort evaluation of retrieval
systems without predefined retrieval unit},
booktitle = riao,
hideaddress = "Avignon, France",
hidemonth = apr,
pages     = {463--473},
year      = {2004},
}

@inproceedings{bv04sigir,
author    = {C. Buckley and E. M. Voorhees},
title     = {Retrieval evaluation with incomplete information},
booktitle = sigir,
hideaddress = "Sheffield, UK",
hidemonth = jul,
pages     = {25--32},
year      = {2004},
hideurl       = {http://doi.acm.org/10.1145/1008992.1009000},
hidedoi       = {10.1145/1008992.1009000},
}

@inproceedings{kaew15ictir,
author    = {D. Kelly and
J. Arguello and
A. Edwards and
W.{-}C. Wu},
title     = {Development and evaluation of search tasks for
		{IIR} experiments using a cognitive complexity framework},
booktitle = ictir,
hideaddress = "Northampton, MA",
hidemonth = sep,
pages     = {101--110},
year      = {2015},
hideurl       = {http://doi.acm.org/10.1145/2808194.2809465},
hidedoi       = {10.1145/2808194.2809465},
}

@inproceedings{bkj13cikm,
author    = {F. Baskaya and
H. Keskustalo and
K. J{\"{a}}rvelin},
title     = {Modeling behavioral factors in interactive information retrieval},
booktitle = cikm,
pages     = {2297--2302},
year      = {2013},
hideurl       = {http://doi.acm.org/10.1145/2505515.2505660},
hidedoi       = {10.1145/2505515.2505660},
hidepublisher = acmpress,
hideaddress = "San Francisco",
}

@inproceedings{tmbs14iiix,
author = "P. Thomas and A. Moffat and P. Bailey and F. Scholer",
title = "Modeling decision points in user search behavior",
booktitle = iiix,
year = 2014,
hidemonth = aug,
hidepublisher = acmpress,
hideeditor = "D. Elsweiler and B. Ludwig and L. Azzopardi and M. L. Wilson",
hideaddress = "Regensburg, Germany",
hideurl = {http://doi.acm.org/10.1145/2637002.2637032},
hidedoi = {10.1145/2637002.2637032},
pages = "239-242",
}

@book{vh05trecbook,
title = {{TREC}: Experiment and Evaluation in Information Retrieval},
editor = {E. M. Voorhees and D. K. Harman},
publisher = {MIT Press},
year = 2005
}

@incollection{vh05ch2,
author = {D. K. Harman},
booktitle = {{TREC}: Experiment and Evaluation in Information Retrieval},
chapter = 2,
editor = {E. M. Voorhees and D. K. Harman},
pages = {21--52},
publisher = {MIT Press},
title = {The {TREC} Test Collections},
year = 2005
}

@incollection{vh05ch3,
author = {D. K. Harman},
booktitle = {{TREC}: Experiment and Evaluation in Information Retrieval},
chapter = 3,
editor = {E. M. Voorhees and D. K. Harman},
pages = {53--78},
publisher = {MIT Press},
title = {Retrieval System Evaluation},
year = 2005
}

@inproceedings{mwz07sigir,
author = "A. Moffat and W. Webber and J. Zobel",
title = "Strategic system comparisons via
targeted relevance judgments",
booktitle = sigir,
year = 2007,
hidemonth = jul,
pages = "375-382",
hideeditor = "C. L. A. Clarke and N. Fuhr and N. Kando
and W. Kraaij and A. P. {de Vries}",
hideaddress = "Amsterdam, The Netherlands",
hidepublisher = "ACM Press, New York",
hideurl = "http://doi.acm.org/10.1145/1277741.1277806",
}


@misc{clueweb12,
author = {{The Lemur Project}},
title = {{The ClueWeb12 Dataset}},
url = {www.lemurproject.org/clueweb12.php/},
year = {2012}
}

@inproceedings{tbms15airs,
author = "P. Thomas and P. Bailey and A. Moffat and F. Scholer",
title = "Towards nuanced system evaluation based on implicit user expectations",
booktitle = airs,
hidemonth = dec,
hidepages = "416-427",
hidepublisher = "LNCS 8281, Springer",
hideeditor = "S. Geva and H. Joho and F. Scholer and A. Sun and
	P. Zhang and G. Zuccon",
hideaddress = "Brisbane, Australia",
year = 2015,
hideurl = "http://dx.doi.org/10.1007/XXXXXX642-45068-6_36",
attribution = "ARC DP110101934",
}

@inproceedings{mstb15cikm,
author = "A. Moffat and F. Scholer and P. Thomas and P. Bailey",
title = "Pooled evaluation over query variations:
{U}sers are as diverse as systems",
booktitle = cikm,
hideaddress = "Melbourne, Australia",
pages = "1759-1762",
hidemonth = oct,
year = 2015,
hideurl = "http://doi.acm.org/10.1145/2806416.2806606",
data = "http://dx.doi.org/10.4225/08/55D0B6A098248",
}

@inproceedings{moffat16adcs,
author = "A. Moffat",
booktitle = adcs,
title = "Judgment pool effects caused by query variations",
pages = "65-68",
year = 2016,
hidemonth = dec,
hideaddress = "Caulfield, Australia",
hideurl = "http://dx.doi.org/10.1145/3015022.3015025",
}

@inproceedings{mbst15adcs,
author = "A. Moffat and P. Bailey and F. Scholer and P. Thomas",
booktitle = adcs,
title = "{INST}: {A}n adaptive metric for
information retrieval evaluation",
pages = "5:1--5:4",
year = 2015,
hidemonth = dec,
hideaddress = "Sydney, Australia",
hideurl = "http://dx.doi.org/10.1145/2838931.2838938",
}

@inproceedings{spck10sigir,
author = {M. Sanderson and
M. Lestari Paramita and
P. D. Clough and
E. Kanoulas},
title = "Do user preferences and evaluation measures line up?",
booktitle = sigir,
pages = {555--562},
year = {2010},
hideurl = {http://doi.acm.org/10.1145/1835449.1835542},
}

@inproceedings{bcwcst10sigir,
author    = {P. Bailey and
N. Craswell and
R. W. White and
L. Chen and
A. Satyanarayana and
S. M. M. Tahaghoghi},
title     = {Evaluating whole-page relevance},
booktitle = sigir,
pages     = {767--768},
year      = {2010},
hideurl       = {http://doi.acm.org/10.1145/1835449.1835606},
}

@inproceedings{jtss15sigir,
	author = "T. Jones and P. Thomas and F. Scholer
			and M. Sanderson",
	title = "Features of disagreement between retrieval effectiveness
			measures",
	booktitle = sigir,
	year = 2015,
	pages = "847-850",
}

@inproceedings{tsmm15sigir,
author = "A. Turpin and F. Scholer and S. Mizzaro and
E. Maddalena",
title = "The benefits of magnitude estimation
relevance assessments for information retrieval evaluation",
booktitle = sigir,
year = 2015,
pages = "565-574",
}

@inproceedings{bmst16sigir,
author = "P. Bailey and A. Moffat and F. Scholer and P. Thomas",
title = "{UQV100}: {A} test collection with query variability",
hidemonth = jul,
year = 2016,
booktitle = sigir,
hideeditor = "R. Perego and F. Sebastiani and J. A. Aslam and
I. Ruthven and J. Zobel",
hideaddress = "Pisa, Italy",
pages = "725-728",
hideurl = "http://dx.doi.org/10.1145/2911451.2914671",
note = "Public data: {\url{http://dx.doi.org/10.4225/49/5726E597B8376}}",
}

@inproceedings{bmst15sigir,
author = "P. Bailey and A. Moffat and F. Scholer
		and P. Thomas",
title = "User variability and {IR} system evaluation",
booktitle = sigir,
year = 2015,
pages = "625-634",
}

@inproceedings{bccc93sigir,
author    = {N. J. Belkin and
C. Cool and
W. B. Croft and
J. P. Callan},
title     = {Effect of multiple query representations on information retrieval
system performance},
booktitle = sigir,
pages     = {339--346},
year      = {1993},
hidecrossref  = {DBLP:conf/sigir/93},
hideurl       = {http://doi.acm.org/10.1145/160688.160760},
hidedoi       = {10.1145/160688.160760},
hidetimestamp = {Thu, 13 Sep 2012 13:14:47 +0200},
hidebiburl    = {http://dblp.uni-trier.de/rec/bib/conf/sigir/BelkinCCC93},
hidebibsource = {dblp computer science bibliography, http://dblp.org}
}

@inproceedings{mc05sigir,
author    = {D. Metzler and W. B. Croft},
title     = {A {M}arkov random field model for term dependencies},
booktitle = sigir,
year      = {2005},
pages     = {472--479},
}


@article{cooper68adoc,
	author = {Cooper, W. S.},
	title = {Expected search length: {A} single measure of retrieval
		effectiveness based on the weak ordering action of
			retrieval systems},
	journal = adoc,
	volume = {19},
	number = {1},
	hidepublisher = {Wiley Subscription Services, Inc., A Wiley Company},
	hideissn = {1936-6108},
	hideurl = {http://dx.doi.org/10.1002/asi.5090190108},
	hidedoi = {10.1002/asi.5090190108},
	pages = {30--41},
	year = {1968},
}

@book{ak01book,
	author = "Anderson, L. W. and Krathwohl, D. A.",
	year = 2001,
	title = "A Taxonomy for
		Learning, Teaching and Assessing: A Revision of {B}loom's
		Taxonomy of Educational Objectives",
	publisher = "Longman",
	hideaddress = "New York",
}

@inproceedings{bw99trec,
	author = "C. Buckley and J. Walz",
	booktitle = trec,
	title = "The {TREC}-8 query track",
	year = 1999,
	hidenote = "NIST Special Publication 500-246",
	hideurl = "http://trec.nist.gov/pubs/trec8/papers/qtrack.pdf",
}

@inproceedings{mbst14adcs,
author = "A. Moffat and P. Bailey and F. Scholer and P. Thomas",
booktitle = adcs,
hideeditor = "J. S. Culpepper and L. Park and G. Zuccon",
title = "Assessing the cognitive complexity of information needs",
hidemonth = nov,
year = 2014,
pages = "97-100",
hideaddress = "Melbourne, Australia",
hideurl = "http://dx.doi.org/10.1145/2682862.2682874",
hidedoi = "10.1145/2682862.2682874",
data = "http://dx.doi.org/10.4225/08/55D0B6A098248",
}


@inproceedings{mts13cikm,
	author = "A. Moffat and P. Thomas and F. Scholer",
	title = "Users versus models: {W}hat observation tells
		us about effectiveness metrics",
	booktitle = cikm,
	year = 2013,
	hidemonth = nov,
	pages = "659-668",
	hideaddress = "San Francisco, California",
}

@Book{ba02,
  author = 	 "K. P. Burnham and D. R. Anderson",
  title = 	 "Model selection and multimodel inference: {A}
                  practical information-theoretic approach",
  publisher = 	 "Springer",
  year = 	 2005,
  hideaddress = 	 "New York",
  edition =      "2nd"
}

@incollection{bv05chp,
	author = "C. Buckley and E. M. Voorhees",
	title = "Retrieval system evaluation",
	booktitle = "{TREC}: Experiment and Evaluation in Information Retrieval",
	chapter = 3,
	pages = "53--75",
	editor = "E. M. Voorhees and D. K. Harman",
	publisher = "MIT Press",
	hideaddress = "Cambridge, Massachusetts",
	year = 2005,
}

@inproceedings{mst12adcs,
	author = "A. Moffat and F. Scholer and P. Thomas",
	title = "Models and metrics: {IR} evaluation as a user
		                        process",
	booktitle = adcs,
	year = 2012,
	month = dec,
	pages = "47--54",
}

@inproceedings{tjh11sigir,
	author = {P. Thomas and T. Jones and D. Hawking},
	title = {What deliberately degrading search quality
		tells us about discount functions},
	booktitle = sigir,
	year = {2011},
	pages = {1107--1108},
	hideaddress = "Beijing",
	hidemonth = jul,
	hideurl = "http://doi.acm.org/10.1145/2009916.2010072",
}

@inproceedings{jhts11cikm,
	author = "T. Jones and D. Hawking and P. Thomas and
		R. Sankaranarayana",
	title = "Relative effect of spam and irrelevant documents
			on user interaction with search engines",
	booktitle = cikm,
	hidepublisher = "ACM Press, New York",
	hidemonth = oct,
	pages = "2113--2116",
	hideaddress = "Glasgow",
	year = 2011,
}

@article{sk08inforet,
	author = "T. Sakai and N. Kando",
	title = "On information retrieval metrics designed for evaluation
		with incomplete relevance assessments",
	journal = irj,
	volume = 11,
	number = 5,
	pages = "447--470",
	year = 2008,
}

@article{wmz10acmtois,
	author = {W. Webber and A. Moffat and J. Zobel},
	hidemonth = nov,
	hidemonth2 = jul,
	hidepublisher = acmpress,
	hideurl = {http://doi.acm.org/10.1145/1852102.1852106},
	journal = acmtois,
	number = 4,
	pages = {20.1--20.38},
	title = {A similarity measure for indefinite rankings},
	volume = 28,
	year = 2010
}

@inproceedings{wmzs08sigir,
	author = "W. Webber and A. Moffat and J. Zobel and T. Sakai",
	title = "Precision-at-ten considered redundant",
	hidemonth = jul,
	booktitle = sigir,
	hideaddress = "Singapore",
	year = 2008,
	hidecrossref= "sigir08",
	pages = "695--696",
}

@inproceedings{sakai07sigir,
author = "T. Sakai",
title = {Alternatives to {BPref}},
pages = {71--78},
booktitle = sigir,
hideaddress = "Amsterdam, The Netherlands",
year = 2007,
hidemonth = jul,
}

@inproceedings{msc07sigir,
author = "Al-Maskari, A. and Sanderson, M. and Clough, P.",
title = "The relationship between {IR} effectiveness measures and user satisfaction",
pages = {773--774},
booktitle = sigir,
hideaddress = "Amsterdam, The Netherlands",
year = 2007,
hidemonth = jul,
}

@inproceedings{hh07sigir,
author = "S. B. Huffman and M. Hochster",
title = "How well does result relevance predict session satisfaction?",
pages = {567--574},
booktitle = sigir,
hideaddress = "Amsterdam, The Netherlands",
year = 2007,
hidemonth = jul,
}

@inproceedings{ts06sigir,
author = {A. Turpin and F. Scholer},
title = {User performance versus precision measures for simple search tasks},
pages = {11--18},
booktitle = sigir,
hidemonth = aug,
hideaddress = "Seattle, Washington",
year = 2006,
}


@inproceedings{bv00sigir,
	author = "C. Buckley and E. M. Voorhees",
	title = "Evaluating evaluation measure stability",
	booktitle = sigir,
	year = {2000},
	hideisbn = {1-58113-226-3},
	pages = {33--40},
	hideaddress = {Athens, Greece},
	hidedoi = {http://doi.acm.org/10.1145/345508.345543},
	hidepublisher = acmpress,
}

@inproceedings{wkea12iics,
	author = {Wu, W.-C. and Kelly, D. and Edwards, A. and
	Arguello, J.},
	title = {Grannies, tanning beds, tattoos and {NASCAR}:
		{E}valuation of search tasks with varying levels
		of cognitive complexity},
	booktitle = iiix,
	year = {2012},
	hideaddress = {Nijmegen, The Netherlands},
	pages = {254--257},
	hideurl = {http://doi.acm.org/10.1145/2362724.2362768},
}

@inproceedings{kccs11sigir,
	author = "E. Kanoulas and B. Carterette and P. D. Clough
			and M. Sanderson",
	title = "Evaluating multi-query sessions",
	booktitle = sigir,
	hideaddress = "Beijing, China",
	hidepublisher = "ACM Press, New York",
	hidemonth = jul,
	pages = "1053--1062",
	year = 2011,
}

@inproceedings{jpdn08ecir,
	author = "K. J{\"a}rvelin and S. L. Price and L. M. L. Delcambre
		and M. L.  Nielsen",
	title = "Discounted cumulated gain based evaluation of
		multiple-query {IR} sessions",
	booktitle = ecir,
	pages = "4--15",
	year = 2008,
	hidepublisher = "LNCS, volume 4956",
	hideaddress = "Glasgow, Scotland",
}

@inproceedings{sakai12www,
	author = "T. Sakai",
	title = "Evaluation with informational and navigational intents",
	booktitle = www,
	hideaddress = "Lyon, France",
	year = 2012,
	hidepublisher = "ACM Press, New York",
	hidemonth = apr,
	pages = "499--508",
}


@inproceedings{ac11www,
	author = "A. Ashkan and C. L. A. Clarke",
	title = "On the informativeness of
		cascade and intent-aware effectiveness measures",
	booktitle = www,
	hideaddress = "Hyderabad, India",
	hidepublisher = "ACM Press, New York",
	hidemonth = apr,
	pages = "407--416",
	year = 2011,
}

@inproceedings{sc12cikm,
	title = "Stochastic simulation of time-biased gain",
	author = "M. D. Smucker and C. L. A. Clarke",
	hideaddress = "Maui, Hawaii",
	booktitle = cikm,
	hidepublisher = "ACM Press, New York",
	hidemonth = oct,
	pages = "2040--2044",
	year = 2012,
}

@inproceedings{sc12sigir,
	title = "Time-based calibration of effectiveness measures",
	author = "M. D. Smucker and C. L. A. Clarke",
	booktitle = sigir,
	hidepublisher = "ACM Press, New York",
	hidemonth = aug,
	pages = "95--104",
	year = 2012,
}

@inproceedings{ccsa11wsdm,
	author = "C. L. A. Clarke and N. Craswell and
			I. Soboroff and A. Ashkan",
	title = "A comparative analysis of cascade measures for novelty
			and diversity",
	booktitle = wsdm,
	hideaddress = "Hong Kong, China",
	hidepublisher = "ACM Press, New York",
	pages = "75--84",
	year = 2011,
}

@inproceedings{cmzg09cikm,
	author = "O. Chapelle and D. Metzler and Y. Zhang and P. Grinspan",
	title = "Expected reciprocal rank for graded relevance",
	booktitle = cikm,
	pages = "621--630",
	hideaddress = "Hong Kong, China",
	hidepublisher = "ACM Press, New York",
	year = 2009,
}

@inproceedings{cky11cikm,
	author = "B. Carterette and E. Kanoulas and E. Yilmaz",
	title = "Simulating simple user behavior for system
			effectiveness evaluation",
	booktitle = cikm,
	pages = "611--620",
	year = 2011,
	hideaddress = "Glasgow, Scotland",
	hidepublisher = "ACM Press, New York",
}

@inproceedings{carterette11sigir,
	author = "B. Carterette",
	title = "System effectiveness, user models, and user
		utility: {A} conceptual framework for investigation",
	booktitle = sigir,
	pages = "903--912",
	year = 2011,
	hidepublisher = "ACM Press, New York",
	hideaddress = "Beijing, China",
}

@inproceedings{robertson08sigir,
	title = "A new interpretation of average precision",
	author = "S. E. Robertson",
	booktitle = sigir,
	hideaddress = "Singapore",
	hidepublisher = "ACM Press, New York",
	hidemonth = jul,
	pages = "689--690",
	year = 2008
}

@article{mz08acmtois,
	author = "A. Moffat and J. Zobel",
	title = "Rank-biased precision for measurement of
			retrieval effectiveness",
	journal = acmtois,
	volume = 27,
	number = 1,
	pages = "2.1--2.27",
	hideurl = "http://doi.acm.org/10.1145/1416950.1416952",
	hidemonth = dec,
	year = 2008,
	hidepublisher = "ACM Press, New York",
}

@article{zpm10inforet,
	author = "Y. Zhang and L. A. F. Park and A. Moffat",
	title = "Click-based evidence for decaying weight distributions
		in search effectiveness metrics",
	journal = "Information Retrieval",
	year = 2010,
	hidemonth = feb,
	volume = 13,
	pages = "46--69",
	number = 1,
	hideurl = "http://dx.doi.org/10.1007/s10791-009-9099-7",
}

@article{jk02acmtois,
    author = {K. J\"arvelin and J. Kek\"al\"ainen},
    title = "Cumulated gain-based evaluation of {IR} techniques",
    year = 2002,
    journal = acmtois,
    volume = 20,
    number = 4,
    pages = "422--446",
}

@inproceedings{jgphg05sigir,
	author = "T. Joachims and L. Granka and B. Pan and H. Hembrooke and G. Gay",
	title = "Accurately interpreting clickthrough data as implicit feedback",
	pages = "154--161",
	booktitle = sigir,
	hidepublisher = "ACM Press, New York",
	hideaddress = "Salvador, Brazil",
	year = 2005,
	hidemonth = aug,
}

@Article{Aka74,
	author = 	 {Hirotugu Akaike},
	title = 	 {A new look at the statistical model identification},
	journal = 	 {IEEE Trans. Automatic Control},
	year = 		 1974,
	volume = 	 {19},
	number = 	 {6},
	pages = 	 {716--723},
	hidemonth = 	 dec,
}

@inproceedings{cz09www,
	author    = {O. Chapelle and Y. Zhang},
	title     = {A dynamic {B}ayesian network click model for web search ranking},
	booktitle = www,
	year      = {2009},
	pages     = {1--10},
	hideaddress = "Madrid, Spain",
	hideurl   = {http://doi.acm.org/10.1145/1526709.1526711},
	hidecrossref  = {DBLP:conf/www/2009},
	bibsource = {DBLP, http://dblp.uni-trier.de}
}

@inproceedings{cztr08wsdm,
	author    = {N. Craswell and
	O. Zoeter and
	M. J. Taylor and
	B. Ramsey},
	title     = {An experimental comparison of click position-bias models},
	booktitle = wsdm,
	year      = {2008},
	pages     = {87--94},
	hideurl   = {http://doi.acm.org/10.1145/1341531.1341545},
	bibsource = {DBLP, http://dblp.uni-trier.de},
	hideaddress = "Palo Alto, CA",
	}

@inproceedings{dupret11spire,
author    = {G. Dupret},
title     = {Discounted cumulative gain and user decision models},
booktitle = spire,
year      = {2011},
pages     = {2--13},
hideurl        = {http://dx.doi.org/10.1007/978-3-642-24583-1_2},
address = "Pisa, Italy",
bibsource = {DBLP, http://dblp.uni-trier.de}
}

@inproceedings{dp10sigir,
author    = {G. Dupret and B. Piwowarski},
title     = {A user behavior model for average precision and its generalization
to graded judgments},
booktitle = sigir,
year      = {2010},
pages     = {531--538},
hideurl        = {http://doi.acm.org/10.1145/1835449.1835538},
bibsource = {DBLP, http://dblp.uni-trier.de},
address = "Geneva, Switzerland",
}

@InProceedings{moffat13airs,
author = 	 {A. Moffat},
title = 	 {Seven numeric properties of effectiveness metrics},
booktitle = airs,
year = 	 2013,
pages = "1-12",
hideurl = "http://dx.doi.org/10.1007/978-3-642-45068-6_1",
hideaddress = "Singapore",
hidepublisher = "LNCS 8281, Springer",
}

@inproceedings{tsm13hcir,
author = "P. Thomas and F. Scholer and A. Moffat",
title = "Fading away: {D}ilution and user behaviour",
booktitle = hcir,
hideeditor = "M. L. Wilson and T. Russell-{R}ose and B. Larsen
and P. Hansen and K. Norling",
year = 2013,
hidemonth = jul,
hideaddress = "Dublin",
pages = "3-6",
hideurl = "http://ceur-ws.org/Vol-1033/paper1.pdf",
}


@InProceedings{tsm13airs,
  author = 	 {P. Thomas and F. Scholer and A. Moffat},
  title = 	 {What users do: {T}he eyes have it},
  booktitle = airs,
  year = 	 2013,
  pages = "416-427",
  hidepublisher = "LNCS 8281, Springer",
}

@article{fleiss1971measuring,
  title={Measuring nominal scale agreement among many raters},
  author={Fleiss, J. L.},
  journal={Psych. Bull.},
  volume={76},
  number={5},
  pages={378},
  year={1971},
  hidepublisher={American Psychological Association}
}

@article{cohen1968weighted,
  title={Weighted kappa: {N}ominal scale agreement provision for scaled disagreement or partial credit},
  author={Cohen, J.},
  journal={Psychological Bulletin},
  volume={70},
  number={4},
  pages={213},
  year={1968},
  hidepublisher={American Psychological Association}
}

@inproceedings{arguello2012task,
  title={Task complexity, vertical display and user interaction in aggregated search},
  author={Arguello, J. and Wu, W.-C. and Kelly, D. and Edwards, A.},
  booktitle=sigir,
  pages={435--444},
  year={2012},
  hideaddress={Portland, USA}
}

@inproceedings{clarke2004overview,
  title={Overview of the {TREC} 2004 terabyte track},
  author={Clarke, C. L. A.  and Craswell, N. and Soboroff, I.},
  booktitle=trec,
  volume={4},
  pages={74},
  year={2004}
}

@article{Blair:1985:ERE:3166.3197,
 author = {Blair, D. C. and Maron, M. E.},
 title = {An evaluation of retrieval effectiveness for a full-text document-retrieval system},
 journal = cacm,
 hideissue_date = {March 1985},
 volume = {28},
 number = {3},
 month = mar,
 year = {1985},
 issn = {0001-0782},
 pages = {289--299},
 numpages = {11},
 url = {http://doi.acm.org/10.1145/3166.3197},
 doi = {10.1145/3166.3197},
 acmid = {3197},
 hidepublisher = acmpress,
 hideaddress = {New York, NY, USA},
} 

@inproceedings{WuKel14,
 author = {Wu, W.-C. and Kelly, D. and Sud, A.},
 title = {Using information scent and need for cognition to understand online search behavior},
 booktitle = sigir,
 year = {2014},
 hideaddress = {Gold Coast, Queensland, Australia},
 pages = {557--566},
} 

@inproceedings{AzzKel13,
 author = {Azzopardi, L. and Kelly, D. and Brennan, K.},
 title = "How query cost affects search behavior",
 booktitle = sigir,
 year = {2013},
 hideaddress = {Dublin, Ireland},
 pages = {23--32},
} 

@article{ModSho14,
author = "F. Modave and N. K. Shokar and E. Pe{\~n}aranda and
		N. Nguyen",
title = "Analysis of the accuracy of weight loss information
		search engine results on the internet",
journal = "Amer. J. Public Health",
year = "2014",
volume = "104",
number = "10",
pages = "1971-1978",
}

@article{BysJar95,
  title={Task complexity affects information seeking and use},
  author={Bystr{\"o}m, K. and J{\"a}rvelin, K.},
  journal=ipm,
  volume={31},
  number={2},
  pages={191--213},
  year={1995},
  hidepublisher={Elsevier}
}

@article{Vak99,
title = "Task complexity, problem structure and information actions: {I}ntegrating studies on information seeking and retrieval",
journal = ipm,
volume = "35",
number = "6",
pages = "819 - 837",
year = "1999",
author = "P. Vakkari",
}


@inproceedings{Buc00,
  title={The {TREC-9} query track},
  author={Buckley, C.},
  booktitle=trec,
  year={2000}
}

@article{Kra02,
  title={A revision of {B}loom's taxonomy: {A}n overview},
  author={Krathwohl, D. R.},
  journal={Theory Into Practice},
  volume={41},
  number={4},
  pages={212--218},
  year={2002},
  hidepublisher={Taylor \& Francis}
}

@inproceedings{BelRut04,
  title={Searchers' assessments of task complexity for web searching},
  author={Bell, D. J. and Ruthven, I.},
  booktitle=ecir,
  pages={57--71},
  year={2004},
}

@incollection{FujJoh12,
  title={Constraint can affect human perception, behaviour, and performance of search},
  author={Fujikawa, K. and Joho, H. and Nakayama, S.},
  booktitle=icadl,
  pages={39--48},
  year={2012},
}

@inproceedings{TomFre09,
  title={Predicting stopping behaviour: {A} preliminary analysis},
  author={Toms, E. G and Freund, L.},
  booktitle=sigir,
  pages={750--751},
  year={2009},
}

@incollection{TomObr08,
  title={Task effects on interactive search: {T}he query factor},
  author={Toms, E. G. and O'Brien, H. and Mackenzie, T. and Jordan, C. and Freund, L. and Toze, S. and Dawe, E. and Macnutt, A.},
  booktitle={Focused Access to {XML} Documents},
  pages={359--372},
  year={2008},
  publisher={Springer}
}

@inproceedings{saracevic1996relevance,
  title={Relevance reconsidered},
  author={Saracevic, T.},
  booktitle=colis,
  pages={201--218},
  year={1996},
  hideorganization=acmpress,
}

@article{voorhees2006trec,
  title={The {TREC} 2005 robust track},
  author={Voorhees, E. M.},
  journal = sigirforum,
  volume={40},
  number={1},
  pages={41--48},
  year={2006},
  hideorganization=acmpress,
}

@inproceedings{zobel98sigir,
  title={How reliable are the results of large-scale information retrieval experiments?},
  author={Zobel, J.},
  booktitle=sigir,
  pages={307--314},
  year={1998}
}

@inproceedings{ButCla07,
author = {S. B\"{u}ttcher and C. L. A. Clarke and P. C. K. Yeung and I. Soboroff},
booktitle = sigir,
pages = {63--70},
title = "Reliable information retrieval evaluation with incomplete and biased judgements",
year = {2007}
}

@article{bdsv07irj,
author = {C. Buckley and D. Dimmick and I. Soboroff and E. M. Voorhees},
journal = irj,
number = {6},
pages = {491--508},
hidepublisher = {Springer},
hidedoi = "10.1007/s10791-007-9032-x",
title = {Bias and the limits of pooling for large collections},
volume = {10},
year = {2007}
}

@article{SpaWal00,
author = {K. {Sp{\"a}rck Jones} and S. Walker and S. E. Robertson},
journal = ipm,
number = {6},
pages = {779--808},
title = {A probabilistic model of information retrieval:
		{D}evelopment and comparative experiments ({P}art 1)},
volume = {36},
year = {2000}
}

@inproceedings{ccs04trectb,
author = {C. L. A. Clarke and N. Craswell and I. Soboroff},
booktitle = trec,
title = {Overview of the {TREC} 2004 terabyte track},
year = {2004}
}

@inproceedings{voorhees02trecqa,
author = {E. M. Voorhees},
booktitle = trec,
title = {Overview of the {TREC} 2002 question answering track},
year = 2002
}

@inproceedings{voorhees03trecrob,
author = {E. M. Voorhees},
booktitle = trec,
title = {Overview of the {TREC} 2003 robust retrieval track},
year = 2003
}

@inproceedings{Zob98,
author = {J. Zobel},
booktitle = sigir,
pages = {307--314},
title = {How Reliable are the Results of Large-Scale Information Retrieval Experiments?},
year = 1998
}

@techreport{Spavan75,
author = {K. {Sp{\"a}rck Jones} and C. J. {van Rijsbergen}},
institution = {Computer Laboratory, University of Cambridge},
number = 5266,
note = {British Library Research and Development Report},
title = {Report on the need for and the provision of an ``ideal'' information retrieval test collection},
year = 1975
}

@techreport{jones1975report,
  title={Report on the Need For and Provision Of An ``Ideal'' Information Retrieval Test Collection. British Library Research and Development Report 5266},
  author={Sp{\"a}rck Jones, K.  and Van Rijsbergen, C.},
  institution={Computer Laboratory, University of Cambridge},
  volume={46},
  year={1975}
}

@techreport{sparck1977report,
  title={Report on the design study for the ``ideal'' information retrieval test collection},
  author={Sp{\"a}rck Jones, K. and Bates, R. G.},
  institution = {Computer Laboratory, University of Cambridge},
note = {British Library Research and Development Report},
number = 5428,
  year=1977
}

@inproceedings{cormack1998efficient,
  title={Efficient construction of large test collections},
  author={Cormack, G. V. and Palmer, C. R. and Clarke, C. L. A.},
  booktitle=sigir,
  pages={282--289},
  year={1998}
}

@inproceedings{trotman2014improvements,
  title={Improvements to {BM25} and language models examined},
  author={Trotman, A. and Puurula, A. and Burgess, B.},
  booktitle=adcs,
  pages={58},
  year={2014},
  hideorganization=acmpress,
}

@article{gwizdka2006can,
  title={What can searching behavior tell us about the difficulty of
	  	information tasks? {A} study of web navigation},
  author={Gwizdka, J. and Spence, I.},
  journal= procasist,
  volume={43},
  number={1},
  pages={1--22},
  year={2006},
  hidepublisher={Wiley Online Library}
}

@article{kumaran2008adapting,
  title={Adapting information retrieval systems to user queries},
  author={Kumaran, G. and Allan, J.},
  journal=ipm,
  volume={44},
  number={6},
  pages={1838--1862},
  year={2008},
  hidepublisher={Elsevier}
}

@inproceedings{bailey2008relevance,
  title={Relevance assessment: {A}re judges exchangeable and does it matter?},
  author={Bailey, P. and Craswell, N. and Soboroff, I. and Thomas, P. and de Vries, A. P. and Yilmaz, E.},
  booktitle=sigir,
  pages={667--674},
  year={2008}
}

@inproceedings{buckley2004current,
  title={Why current {IR} engines fail},
  author={Buckley, C.},
  booktitle=sigir,
  pages={584--585},
  year={2004}
}

@inproceedings{white2006study,
  title={A study on the effects of personalization and task information on implicit feedback performance},
  author={White, R. W. and Kelly, D.},
  booktitle=cikm,
  pages={297--306},
  year={2006}
}

@inproceedings{yilmaz2006estimating,
  title={Estimating average precision with incomplete and imperfect judgments},
  author={Yilmaz, E. and Aslam, J. A.},
  booktitle=cikm,
  pages={102--111},
  year={2006},
}

@article{alonso2008crowdsourcing,
  title={Crowdsourcing for relevance evaluation},
  author={Alonso, O. and Rose, D. E. and Stewart, B.},
  journal=sigirforum,
  volume={42},
  number={2},
  pages={9--15},
  year={2008},
  hideorganization=acmpress,
}

@inproceedings{sheldon2011lambdamerge,
  title={Lambda{M}erge: {M}erging the results of query reformulations},
  author={Sheldon, D. and Shokouhi, M. and Szummer, M. and Craswell, N.},
  booktitle=wsdm,
  pages={795--804},
  year={2011}
}

@article{voorhees2000ipm,
  title={Variations in relevance judgments and the measurement of retrieval effectiveness},
  author={Voorhees, E. M.},
  journal=ipm,
  volume={36},
  number={5},
  pages={697--716},
  year={2000},
  hidepublisher={Elsevier}
}

@inproceedings{robertson2012per,
  title={On per-topic variance in {IR} evaluation},
  author={Robertson, S. E. and Kanoulas, E.},
  booktitle=sigir,
  pages={891--900},
  year={2012}
}

@inproceedings{sakai2006evaluating,
  title={Evaluating evaluation metrics based on the bootstrap},
  author={Sakai, T.},
  booktitle=sigir,
  pages={525--532},
  year={2006}
}

@inproceedings{kazai2012analysis,
title={An analysis of systematic judging errors in information retrieval},
author={Kazai, G. and Craswell, N. and Yilmaz, E.
		and Tahaghoghi, S. M. M.},
booktitle=cikm,
pages={105--114},
year={2012}
}

@article{belkin1995combining,
  title={Combining the evidence of multiple query representations for information retrieval},
  author={Belkin, N. J. and Kantor, P. and Fox, E. A. and Shaw, J. A.},
  journal=ipm,
  volume={31},
  number={3},
  pages={431--448},
  year={1995},
  hidepublisher={Elsevier}
}


@inproceedings{tmbdv14trec,
  author    = {K. Collins{-}Thompson and
               C. Macdonald and
               P. N. Bennett and
               F. Diaz and
               E. M. Voorhees},
  title     = {{TREC} 2014 web track overview},
  booktitle = trec,
  year      = {2014},
  hidenote      = {{NIST} Special Publication 500-308},
}

@inproceedings{tbdcv13trec,
  author    = {K. Collins{-}Thompson and
               P. N. Bennett and
               F. Diaz and
               C. L. A. Clarke and
               E. M. Voorhees},
  title     = {{TREC} 2013 web track overview},
  booktitle = trec,
  year      = {2013},
  hidenote      = {{NIST} Special Publication 500-302},
}

@inproceedings{hosseini2012aggregating,
  title={On aggregating labels from multiple crowd workers to infer relevance of documents},
  author={Hosseini, M. and Cox, I. J. and Mili{\'c}-Frayling, N.
  	and Kazai, G. and Vinay, V.},
  booktitle=ecir,
  pages={182--194},
  year={2012},
  hidepublisher={Springer}
}

@article{baeza2007improving,
  title={Improving search engines by query clustering},
  author={Baeza-Yates, R. and Hurtado, C. and Mendoza, M.},
  journal=jasist,
  volume={58},
  number={12},
  pages={1793--1804},
  year={2007},
  hidepublisher={Wiley Online Library}
}

@inproceedings{yom2005learning,
  title={Learning to estimate query difficulty:
	 {I}ncluding applications to
	 missing content detection and distributed information retrieval},
  author={Yom-Tov, E. and Fine, S. and Carmel, D. and Darlow, A.},
  booktitle=sigir,
  pages={512--519},
  year={2005}
}

@inproceedings{xu1996query,
  title={Query expansion using local and global document analysis},
  author={Xu, J. and Croft, W. B.},
  booktitle=sigir,
  pages={4--11},
  year={1996}
}

@article{spark2000probabilistic,
   author     = "K. {Sparck Jones} and S. Walker and S. E. Robertson",
   title      = "A probabilistic model of information retrieval:
                development and comparative experiments. {P}art 1",
   journal    = ipm,
   volume     = {36},
   number     = {6},
   year       = {2000},
   pages      = {779-808},
}

@inproceedings{kinney2008evaluator,
  title={How evaluator domain expertise affects search result
  	relevance judgments},
  author={Kinney, K. A. and Huffman, S. B and Zhai, J.},
  booktitle=cikm,
  pages={591--598},
  year={2008},
  hideorganization={ACM}
}

@inproceedings{yilmaz2014relevance,
  title={Relevance and effort: {A}n analysis of document utility},
  author={Yilmaz, E. and Verma, M. and Craswell, N. and Radlinski, F. and Bailey, P.},
  booktitle=cikm,
  pages={91--100},
  year={2014},
  hideorganization={ACM}
}

@inproceedings{venanzi2014communityBCC,
 author = {Venanzi, M. and Guiver, J. and Kazai, G. and Kohli, P. and Shokouhi, M.},
 title = {Community-based {B}ayesian aggregation models for crowdsourcing},
 booktitle = www,
 year = {2014},
 hidelocation = {Seoul, Korea},
 pages = {155--164},
 acmid = {2567989},
 hideorganization = {ACM},
 keywords = {bayesian inference, community detection, crowdsourcing}
} 

@inproceedings{palotti2015ehealth,
author = {J. Palotti and G. Zuccon and L. Goeuriot
	and L. Kelly and A. Hanbury and G. J. F. Jones
		and M. Lupu and P. Pecina},
year = 2015,
title = {{CLEF} {eHealth} evaluation lab 2015, task 2:
	{R}etrieving information about medical symptoms},
booktitle = clef,
}

@inproceedings{stanton2014circumlocution,
	title={Circumlocution in diagnostic medical queries},
	author={I. Stanton and S. Ieong and N. Mishra},
	booktitle=sigir,
	pages={133--142},
	year={2014}
}

@inproceedings{turpin2009including,
    author = "A. Turpin and F. Scholer and K. J{\"a}rvelin and M. Wu and J. S. Culpepper",
    title = "Including summaries in system evaluation",
    booktitle = sigir,
    year = {2009},
    pages = "508--515",
}

@inproceedings{voorhees02trec,
author = {E. M. Voorhees},
booktitle = trec,
title = {Overview of {TREC} 2002},
year = 2002
}

@inproceedings{dumais2010individual,
  title={Individual differences in gaze patterns for web search},
  author={Dumais, S. T. and Buscher, G. and Cutrell, E.},
  booktitle={Proceedings of the third symposium on Information Interaction in Context},
  pages={185--194},
  year={2010},
  organization={ACM}
}

@inproceedings{white2007investigating,
  title={Investigating behavioral variability in web search},
  author={White, R. W. and Drucker, S. M.},
  booktitle=www,
  pages={21--30},
  year={2007},
  organization={ACM}
}

@article{borlund2003iir,
  title={The {IIR} evaluation model: {A} framework for evaluation of interactive information retrieval systems},
  author={Borlund, P.},
  journal={Information research},
  volume={8},
  number={3},
  year={2003}
}

@article{banks1999blind,
  title={Blind men and elephants: {S}ix approaches to {TREC} data},
  author={Banks, D. and Over, P. and Zhang, N.-F.},
  journal=irj,
  volume={1},
  number={1-2},
  pages={7--34},
  year={1999},
  hidepublisher={Springer}
}

@book{carmel10slicrs,
	author = {D. Carmel and E. Yom-Tov},
	title = {Estimating the query difficulty for information retrieval},
	year = 2010,
	series = {Synthesis Lectures on Information Concepts, Retrieval, and Services},
	number = {15},
	publisher = {Morgan \& Claypool},
	ignore-doi = {10.2200/S00235ED1V01Y201004ICR015}
}

@inproceedings{he04performance,
	author = {B. He and I. Ounis},
	title = {Inferring query performance using pre-retrieval predictors},
	booktitle = spire,
	year = 2004,
	pages = {43--54}
}

@inproceedings{mothe05linguistic,
	author = {J. Mothe and L. Tanguy},
	title = {Linguistic features to predict query difficulty: {A} case study on previous {TREC} campaigns},
	booktitle = "Proc. SIGIR Wrkshp. Predicting Query Difficulty: Methods and Applications",
	pages = "7-10",
	year = 2005,
	hideurl = "https://hal.archives-ouvertes.fr/halshs-00287692/",
}

@phdthesis{hauff10thesis,
	author = {C. Hauff},
	title = {Predicting the effectiveness of queries and retrieval systems},
	school = {University of Twente},
	year = 2010
}

@inproceedings{zhao08preretrieval,
	author = {Y. Zhao and F. Scholer and J. Tsegay},
	title = {Effective pre-retrieval query performance prediction using similarity and variability evidence},
	booktitle = ecir,
	year = 2008,
	pages = "52-64",
}

@article{scholer04association,
	author = {F. Scholer and H. E. Williams and A. Turpin},
	title = {Query association surrogates for web search},
	journal = jasist,
	year = 2004,
	volume = {55},
	number = {7},
	pages = {637--650},
}

@misc{feinerer16wordnet,
	title = {{wordnet}: {WordNet} Interface},
	author = {I. Feinerer and K. Hornik},
	year = {2016},
	note = {R package version 0.1-11},
	howpublished = {\url{https://CRAN.R-project.org/package=wordnet}}
}

@misc{princeton10wordnet,
	title = {About {WordNet}},
	author = {{Princeton University}},
	year = 2010,
	howpublished = {\url{http://wordnet.princeton.edu}}
}

@inproceedings{belkin1993effect,
  title={The effect of multiple query representations on information retrieval system performance},
  author={Belkin, N. J. and Cool, C. and Croft, W. B. and Callan, J. P.},
  booktitle= sigir,
  pages={339--346},
  year={1993},
}

@inproceedings{koopman2016testCollection,
 author = {Koopman, B. and Zuccon, G.},
 title = {A test collection for matching patients to clinical trials},
 booktitle = sigir,
 year = {2016},
 location = {Pisa, Italy},
 pages = {669--672},
 hideurl = {http://doi.acm.org/10.1145/2911451.2914672},
 hidedoi = {10.1145/2911451.2914672},
 keywords = {clinical trials, information retrieval, medical information retrieval, test collections},
}

@article{furnas1987vocabulary_problem,
    author = {G. W. Furnas and T. K. Landauer and L. M. Gomez and S. T. Dumais},
    title = {The vocabulary problem in human-system communication},
    journal = cacm,
    issue_date = {Nov. 1987},
    volume = {30},
    number = {11},
    year = {1987},
    pages = {964--971},
}

@inproceedings{teevan2007information,
  title={Information re-retrieval: {R}epeat queries in {Yahoo's} logs},
  author={Teevan, J. and Adar, E. and Jones, R. and Potts, M. A. S.},
  booktitle= sigir,
  pages={151--158},
  year={2007},
  hideorganization={ACM}
}

@inproceedings{jones2006www,
 author = {Jones, R. and Rey, B. and Madani, O. and Greiner, W.},
 title = {Generating query substitutions},
 booktitle = www,
 hideseries = {WWW '06},
 year = {2006},
 location = {Edinburgh, Scotland},
 pages = {387--396},
 hidenumpages = {10},
 hideurl = {http://doi.acm.org/10.1145/1135777.1135835},
 hidedoi = {10.1145/1135777.1135835},
 hideacmid = {1135835},
 hidepublisher = {ACM},
 keywords = {paraphrasing, query rewriting, query substitution, sponsored search},
} 

@inproceedings{cucerzan2004spelling,
  title={Spelling correction as an iterative process that exploits the collective knowledge of web users},
  author={Cucerzan, S. and Brill, E.},
  booktitle=emnlp,
  hidevolume={4},
  pages={293--300},
  year={2004}
}

@book{lovins1968development,
  title={Development of a stemming algorithm},
  author={Lovins, J. B.},
  year={1968},
  publisher={MIT Information Processing Group, Electronic Systems Laboratory Cambridge}
}

@article{robertson1990term,
  title={On term selection for query expansion},
  author={Robertson, S. E.},
  journal=jdoc,
  volume={46},
  number={4},
  pages={359--364},
  year={1990},
  publisher={MCB UP Ltd}
}

@incollection{callan2002distributed,
  title={Distributed information retrieval},
  author={Callan, J.},
  booktitle={Advances in Information Retrieval},
  pages={127--150},
  year={2002},
  publisher={Springer}
}

@article{lo2005automatically,
  title={Automatically building a stopword list for an information retrieval system},
  author={Lo, R. T.-W. and He, B. and Ounis, I.},
  journal=diginfman,
  volume=3,
  number = 1,
  pages="3-8",
  year={2005}
}

@article{luhn1957statistical,
  title={A statistical approach to mechanized encoding and searching of literary information},
  author={Luhn, H. P.},
  journal=ibmjresdev,
  volume={1},
  number={4},
  pages={309--317},
  year={1957},
  publisher={IBM}
}

@inproceedings{freund2014SALW,
 author = {Freund, L. and He, J. and Gwizdka, J. and Kando, N. and Hansen, P. and Rieh, S. Y.},
 title = {Searching as learning ({SAL}) workshop 2014},
 booktitle = iiix,
 year = {2014},
 location = {Regensburg, Germany},
 pages = {7--7},
 hideurl = {http://doi.acm.org/10.1145/2637002.2643203},
 hidedoi = {10.1145/2637002.2643203},
} 

@inproceedings{freund2014getting,
  title={Getting the big picture: {S}upporting comprehension and learning in search},
  author={Freund, L. and {O'Brien}, H. and Kopak, R.},
  booktitle={Proc. Searching As Learning (SAL) Workshop.},
  hideseries = {IIiX'14},
  year={2014}
}

@inproceedings{kanoulas2011overview,
  title={Overview of the {TREC} 2011 session track},
  author={Kanoulas, E. and Carterette, B. and Hall, M. and Clough, P. and Sanderson, M.},
  booktitle=trec,
  year={2011}
}

@inproceedings{yilmaz2015overview,
  title={Overview of the {TREC} 2015 tasks track},
  author={Yilmaz, E. and Verma, M. and Mehrotra, R. and Kanoulas, E. and Carterette, B. and Craswell, N.},
  booktitle=trec,
  year={2015}
}

@inproceedings{raman2013toward,
  title={Toward whole-session relevance: {E}xploring intrinsic diversity in web search},
  author={Raman, K. and Bennett, P. N. and Collins-Thompson, K.},
  booktitle=sigir,
  pages={463--472},
  year={2013},
  hideorganization={ACM}
}

@article{radlinski2009redundancy,
  title={Redundancy, diversity and interdependent document relevance},
  author={Radlinski, F. and Bennett, P. N. and Carterette, B. and Joachims, T.},
  journal=sigirforum,
  volume={43},
  number={2},
  pages={46--52},
  year={2009},
  hideorganization={ACM}
}


@article{gey2005cross,
  title={Cross-language information retrieval: {T}he way ahead},
  author={Gey, F. C. and Kando, N. and Peters, C.},
  journal=ipm,
  volume={41},
  number={3},
  pages={415--431},
  year={2005},
  publisher={Elsevier}
}

@article{wu2012using,
  title={Using anchor text for homepage and topic distillation search tasks},
  author={Wu, M. and Hawking, D. and Turpin, A. and Scholer, F.},
  journal=jasist,
  volume={63},
  number={6},
  pages={1235--1255},
  year={2012},
  publisher={Wiley Online Library}
}

@inproceedings{aslam2001models,
  title={Models for metasearch},
  author={Aslam, J. A. and Montague, M.},
  booktitle=sigir,
  pages={276--284},
  year={2001},
  organization={ACM}
}

@inproceedings{montague2001relevance,
  title={Relevance score normalization for metasearch},
  author={Montague, M. and Aslam, J. A.},
  booktitle=cikm,
  pages={427--433},
  year={2001},
  hideorganization={ACM}
}

@inproceedings{fox1993combination,
 author    = {E. A. Fox and J. Shaw},
 title     = {Combination of multiple searches},
 booktitle = trec,
 year      = {1993},
 pages     = {243--252},
 hidepublisher = {NIST Special Publication 500-215},
 hideaddress   = {Gaithersburg, MD},
 }

@inproceedings{dwork2001rank,
  title={Rank aggregation methods for the web},
  author={Dwork, C. and Kumar, R. and Naor, M. and Sivakumar, D.},
  booktitle=www,
  pages={613--622},
  year={2001},
  hideorganization={ACM}
}

@inproceedings{montague2002condorcet,
  title={Condorcet fusion for improved retrieval},
  author={Montague, M. and Aslam, J. A.},
  booktitle=cikm,
  pages={538--548},
  year={2002},
  hideorganization={ACM}
}

@book{sheskin2003handbook,
  title={Handbook of Parametric and Nonparametric Statistical Procedures},
  author={Sheskin, D. J.},
  year={2003},
  publisher={CRC Press}
}

@article{kendall1939problem,
  title={The problem of \emph{m} rankings},
  author={Kendall, M. G. and Smith, B. B.},
  journal={Annals of Mathematical Statistics},
  volume={10},
  number={3},
  pages={275--287},
  year={1939},
  hidepublisher={JSTOR}
}

@article{bartko1966intraclass,
  title={The intraclass correlation coefficient as a measure of reliability},
  author={Bartko, J. J.},
  journal={Psychological Reports},
  volume={19},
  number={1},
  pages={3--11},
  year={1966},
  hidepublisher={SAGE Publications}
}

@article{hayes2007answering,
  title={Answering the call for a standard reliability measure for coding data},
  author={Hayes, A. F. and Krippendorff, K.},
  journal={Commun. Methods and Measures},
  volume={1},
  number={1},
  pages={77--89},
  year={2007},
  hidepublisher={Taylor \& Francis}
}

@inproceedings{carterette2009rank,
  title={On rank correlation and the distance between rankings},
  author={Carterette, B.},
  booktitle=sigir,
  pages={436--443},
  year={2009},
  hideorganization={ACM}
}

@article{jaccard1912distribution,
	author = {Jaccard, P.},
	title = {The distribution of the flora in the alpine zone},
	journal = {New Phytologist},
	volume = {11},
	number = {2},
	publisher = {Blackwell Publishing Ltd},
	hideissn = {1469-8137},
	hideurl = {http://dx.doi.org/10.1111/j.1469-8137.1912.tb05611.x},
	hidedoi = {10.1111/j.1469-8137.1912.tb05611.x},
	pages = {37--50},
	year = {1912},
}

@inproceedings{scholer09improved,
	author = {F. Scholer and S. Garcia},
	title = {A case for improved evaluation of query difficulty prediction},
	booktitle = sigir,
	year = 2009,
	pages = "640-641",
}

@inproceedings{voorhees97overview,
	title={Overview of the sixth {T}ext {RE}trieval {C}onference},
	author={E. M. Voorhees and D. Harman},
	booktitle=trec,
	year=1997
}

@article{carmel05predicting,
	author = {D. Carmel and E. Yom-Tov and I. Soboroff},
	title = {Predicting query difficulty: {M}ethods and applications},
	journal = sigirforum,
	year = 2005,
	volume = {39},
	number = {2},
	pages = "25-28",
}

@inproceedings{voorhees04trecrob,
	author = {E. M. Voorhees},
	booktitle = trec,
	title = {Overview of the {TREC} 2004 robust retrieval track},
	year = 2004
}

@inproceedings{zhou07prediction,
	author = {Y. Zhou and W. B. Croft},
	title = {Query performance prediction in web search environments},
	booktitle = sigir,
	year = 2007,
	pages = {543--550}
}

@inproceedings{diaz07prediction,
	author = {F. Diaz},
	title = {Performance prediction using spatial autocorrelation},
	booktitle = sigir,
	year = 2007,
	pages = {583--590}
}

@inproceedings{vinay05ranking,
	author = {V. Vinay and I. J. Cox and N. Milic-{F}rayling and K. Wood},
	title = {On ranking the effectiveness of searches},
	booktitle = sigir,
	year = 2007,
	pages = {398--404}
}

@inproceedings{aslam07hardness,
	author = {J. A. Aslam and V. Pavlu},
	title = {Query hardness estimation using {Jensen}-{Shannon} divergence among multiple scoring functions},
	booktitle = ecir,
	year = 2007,
	hidedate = {date},
	pages = {198--209}
}

@inproceedings{cronentownsend02predicting,
	author = {S. Cronen-{T}ownsend and Y. Zhou and W. B. Croft},
	title = {Predicting query performance},
	booktitle = sigir,
	year = 2002,
	pages = {299--306}
}

@inproceedings{balasubramanian10learning,
	author = {N. Balasubramanian and J. Allan},
	title = {Learning to select rankers},
	booktitle = sigir,
	year = 2010,
	pages = {855-856}
}

@inproceedings{balasubramanian10predicting,
	author = {N. Balasubramanian and G. Kumaran and V. R. Carvalho},
	title = {Predicting query performance on the web},
	booktitle = sigir,
	year = 2010,
	pages = {785-786}
}

@inproceedings{yilmaz08newrankcorrelation,
    author = {E. Yilmaz and J. A. Aslam and S. Robertson},
	title = {A new rank correlation coefficient for information retrieval},
    booktitle = sigir,
	year = 2008,
    pages={587--594}
}

@inproceedings{jiang2015improving,
    title={Improving ranking consistency for web search by leveraging a knowledge base and search logs},
    author={J.-Y. Jiang and J. Liu and C.-Y. Lin and P.-J. Cheng},
    booktitle= cikm,
    pages={1441--1450},
    year={2015}
}

@inproceedings{pickens2008algorithmic,
    title={Algorithmic mediation for collaborative exploratory search},
    author={J. Pickens and G. Golovchinsky and C. Shah and P. Qvarfordt and M. Back},
    booktitle= sigir,
    pages={315--322},
    year={2008}
}

@inproceedings{zuccon2016query,
    title={Query variations and their effect on comparing information retrieval systems},
    author={G. Zuccon and J. Palotti and A. Hanbury},
    booktitle= cikm,
    pages={691--700},
    year={2016}
}

@inproceedings{carmel06difficult,
	author = {D. Carmel and E. Yom-Tov and A. Darlow and D. Pelleg},
	title = {What makes a query difficult?},
	booktitle = cikm,
	year = 2006,
	pages = {390--397}
}

@inproceedings{ferro16glmm,
	author = {N. Ferro and G. Silvello},
	title = {A general linear mixed models approach to study system component effects},
	booktitle = sigir,
	year = 2016,
	pages = {25--34}
}

@article{ferro17acmtois,
author = {N. Ferro},
title = {What does affect the correlation among evaluation measures?},
year = {2017},
journal = acmtois,
hideurl = {https://www.researchgate.net/profile/Nicola_Ferro/publication/317433764_What_Does_Affect_the_Correlation_Among_Evaluation_Measures/links/593aadb5a6fdcc17a98c08ce/What-Does-Affect-the-Correlation-Among-Evaluation-Measures.pdf},
note = {In press, online version accessed 28 Aug 2017},
}

@inproceedings{sakai17sigir,
 author = {Sakai, T.},
 title = {Statistical significance, power, and sample sizes: {A} systematic review of {SIGIR} and {TOIS}, 2006-2015},
 booktitle = sigir,
 year = {2016},
 hideaddress = {Pisa, Italy},
 pages = {5--14},
} 

@inproceedings{smucker07sigir,
 author = {Smucker, M. D. and Allan, J. and Carterette, B.},
 title = {A comparison of statistical significance tests for information retrieval evaluation},
 booktitle = cikm,
 year = {2007},
 pages = {623--632},
} 


@book{sheskin97book,
  author =       "D. Sheskin",
  title =        "Handbook of Parametric and Nonparametric Statistical Procedures",
  publisher =    "CRC Press",
  year =         "1997",
}

@inproceedings{sakai06sigir,
 author = {Sakai, T.},
 title = {Evaluating evaluation metrics based on the bootstrap},
 booktitle = sigir,
 year = {2006},
 hideaddress = {Seattle, Washington, USA},
 pages = {525--532},
} 

@article{spark1975report,
  title={Report on the need for and provision of an `ideal' information retrieval test collection},
  author={K. {Sp\"{a}rck Jones} and C. J. {Van Rijsbergen}},
  journal={Computer Laboratory, University of Cambridge, British Library Research and Development Report No. 5266},
  year={1975},
}

@article{mizzaro07jasist,
  title={Relevance: {T}he whole history},
  author={S. Mizzaro},
  journal=jasist,
  volume={48},
  number={9},
  pages={810--832},
  year={1997}
}

