@string{ acmcsurv = "ACM Computing Surveys" }
@string{ acmpress = "ACM Press" }
@string{ acmtods = "ACM Trans. on Database Systems" }
@string{ acmtois = "ACM Trans. on Information Systems" }
@string{ acmtoms = "ACM Trans. on Mathematical Software" }
@string{ acsc = "Proc. Australasian Computer Science Conf. (ACSC)" }
@string{ adc = "Proc. Australasian Database Conf. (ADC)" }
@string{ adcs = "Proc. Australasian Document Computing Symp. (ADCS)" }
@string{ adoc = "American Documentation" }
@string{ airs = "Proc. Asia Information Retrieval Societies Conf. (AIRS)" }
@string{ cacm = "Communications of the ACM" }
@string{ cikm = "Proc. ACM International Conf. on Information and Knowledge Management (CIKM)" }
@string{ clef = "Working Notes of the Conference and Labs of the Evaluation Forum (CLEF)" }
@string{ colis = "Proc. Conf. Conceptions of Library and Information Science (COLIS)" }
@string{ compjour = "Computer Journal" }
@string{ compsurv = "ACM Computing Surveys" }
@string{ dcc = "Proc. IEEE Data Compression Conf. (DCC)" }
@string{ diginfman = "Journal on Digital Information Management" }
@string{ ecir = "Proc. European Conf. in Information Retrieval (ECIR)" }
@string{ emnlp = "Proc. Emp. Meth. Nat. Lang. Process. (EMNLP)" }
@string{ esa = "Proc. European Symp. on Algorithms (ESA)" }
@string{ evia = "Proc. Wkshp. Evaluating Information Access (EVIA)" }
@string{ fntir = "Foundations \& Trends in Information Retrieval" }
@string{ focs = "Proc. Symp. on Foundations of Computer Science (FOCS)" }
@string{ hcir = "Proc. Symp. Human-Computer IR"}
@string{ ibmjresdev = "IBM Journal of Research and Development" } 
@string{ icadl = "Proc. International Conf. Asia-Pacific Digital Libraries (ICADL)" }
@string{ icde = "Proc. International Conf. on Data Engineering (ICDE)" }
@string{ icdm = "Proc. International Conf. on Data Mining (ICDM)" }
@string{ ictir = "Proc. International Conf. on Theory of Information Retrieval (ICTIR)" }
@string{ ieeeinfo = "IEEE Trans. on Information Theory" }
@string{ ieeekade = "IEEE Trans. on Knowledge and Data Engineering" }
@string{ iiix = "Proc. IIiX" }
@string{ infoscale = "Proc. Conf. on Scalable Information Systems (INFOSCALE)" }
@string{ ipm = "Information Processing \& Management" }
@string{ irj = "Information Retrieval" }
@string{ jacm = "Journal of the ACM" }
@string{ jalg = "Journal of Algorithms" }
@string{ jasist = "Journal of the American Society for Information Science and Technology" }
@string{ jdoc = "Journal of Documentation" }
@string{ kdd = "Proc. Conf. on Knowledge Discovery and Data Mining (WSDM)" }
@string{ kis = "Knowledge Information Systems" }
@string{ laweb = "Proc. Latin American Web Congress (LA-WEB)" }
@string{ ntcir = "Proc. NII Testbeds and Community for Information Access Research (NTCIR)" }
@string{ osir = "Proc. Wrkshp. on Open Source Information Retrieval (OSIR)" }
@string{ parco = "Proc. Parallel Computing Conf. (PARCO)" }
@string{ procasist = "Proceedings of the American Society for Information Science and Technology" }
@string{ procieee = "Proceedings of the IEEE" }
@string{ pvldb = "Proceedings of the VLDB" }
@string{ riao = "Proc. Recherche d'Information etses Applications (RIAO)" }
@string{ sac = "Proc. Symp. Applied Computing (SAC)" }
@string{ sdm = "Proc. SIAM International Conf. on Data Mining (SDM)" }
@string{ sea = "Proc. Symp. on Experimental and Efficient Algorithms (SEA)" }
@string{ sicomp = "SIAM Journal on Computing" }
@string{ sigir = "Proc. ACM Conf. on Research and Development in Information Retrieval (SIGIR)" }
@string{ sigirforum = "SIGIR Forum" }
@string{ smc = "Proc. IEEE Int. Conf. Systems, Man, and Cybernetics (SMC)" }
@string{ soda = "Proc. Symp. on Discrete Algorithms (SODA)" }
@string{ spe = "Software Practice \& Experience" }
@string{ spire = "Proc. Symp. on String Processing and Information Retrieval (SPIRE)" }
@string{ trec = "Proc. Text Retrieval Conf. (TREC)" }
@string{ vldb = "Proc. Conf. on Very Large Databases (VLDB)" }
@string{ wsdm = "Proc. Conf. on Web Search and Data Mining (WSDM)" }
@string{ www = "Proc. Conf. on the World Wide Web (WWW)" }
